[gd_scene load_steps=6 format=2]

[ext_resource path="res://main.tscn" type="PackedScene" id=1]
[ext_resource path="res://background/snow/SnowMount.tscn" type="PackedScene" id=2]

[sub_resource type="DynamicFontData" id=1]

hinting = 2
font_path = "res://fonts/BLOODY.TTF"
_sections_unfolded = [ "Resource" ]

[sub_resource type="DynamicFont" id=2]

size = 40
use_mipmaps = true
use_filter = false
font_data = SubResource( 1 )
_sections_unfolded = [ "Font", "Settings" ]

[sub_resource type="DynamicFont" id=3]

size = 30
use_mipmaps = true
use_filter = false
font_data = SubResource( 1 )
_sections_unfolded = [ "Font", "Settings" ]

[node name="Main" index="0" instance=ExtResource( 1 )]

next_level = "res://levels/run.tscn"

[node name="TextureRect" parent="." index="0"]

modulate = Color( 1, 1, 1, 1 )
self_modulate = Color( 0.242188, 0.202454, 0.202454, 1 )

[node name="InstructionLabel" type="Label" parent="TextureRect" index="0"]

anchor_left = 0.0
anchor_top = 0.0
anchor_right = 0.0
anchor_bottom = 0.0
margin_left = 254.0
margin_top = 81.0
margin_right = 577.0
margin_bottom = 222.0
rect_rotation = 5.0
rect_pivot_offset = Vector2( 0, 0 )
rect_clip_content = false
mouse_filter = 2
mouse_default_cursor_shape = 0
size_flags_horizontal = 1
size_flags_vertical = 4
custom_fonts/font = SubResource( 2 )
custom_colors/font_color = Color( 0.765625, 0, 0, 1 )
text = "CUT THE WALLS TO SURVIVE FOR 15 SECONDS"
align = 1
autowrap = true
percent_visible = 1.0
lines_skipped = 0
max_lines_visible = -1
_sections_unfolded = [ "Rect", "custom_colors", "custom_fonts", "custom_styles" ]

[node name="InstructionLabel2" type="Label" parent="TextureRect" index="1"]

anchor_left = 0.0
anchor_top = 0.0
anchor_right = 0.0
anchor_bottom = 0.0
margin_left = 218.0
margin_top = 284.0
margin_right = 566.0
margin_bottom = 342.0
rect_rotation = -3.0
rect_pivot_offset = Vector2( 0, 0 )
rect_clip_content = false
mouse_filter = 2
mouse_default_cursor_shape = 0
size_flags_horizontal = 1
size_flags_vertical = 4
custom_fonts/font = SubResource( 2 )
custom_colors/font_color = Color( 0.714844, 0, 0, 1 )
text = "SLASH: Q, A, CTRL"
align = 1
percent_visible = 1.0
lines_skipped = 0
max_lines_visible = -1
_sections_unfolded = [ "Rect", "custom_colors", "custom_fonts" ]

[node name="InstructionLabel3" type="Label" parent="TextureRect" index="2"]

anchor_left = 0.0
anchor_top = 0.0
anchor_right = 0.0
anchor_bottom = 0.0
margin_left = 225.0
margin_top = 339.0
margin_right = 573.0
margin_bottom = 397.0
rect_rotation = 4.0
rect_pivot_offset = Vector2( 0, 0 )
rect_clip_content = false
mouse_filter = 2
mouse_default_cursor_shape = 0
size_flags_horizontal = 1
size_flags_vertical = 4
custom_fonts/font = SubResource( 2 )
custom_colors/font_color = Color( 0.714844, 0, 0, 1 )
text = "DASH: W, S, SPACE"
align = 1
percent_visible = 1.0
lines_skipped = 0
max_lines_visible = -1
_sections_unfolded = [ "Rect", "custom_colors", "custom_fonts" ]

[node name="InstructionLabel4" type="Label" parent="TextureRect" index="3"]

anchor_left = 0.0
anchor_top = 0.0
anchor_right = 0.0
anchor_bottom = 0.0
margin_left = 135.0
margin_top = 463.0
margin_right = 698.0
margin_bottom = 521.0
rect_rotation = -4.0
rect_pivot_offset = Vector2( 0, 0 )
rect_clip_content = false
mouse_filter = 2
mouse_default_cursor_shape = 0
size_flags_horizontal = 1
size_flags_vertical = 4
custom_fonts/font = SubResource( 3 )
custom_colors/font_color = Color( 0.714844, 0, 0, 1 )
text = "SOME WALLS CANNOT BE CUT ;)"
align = 1
percent_visible = 1.0
lines_skipped = 0
max_lines_visible = -1
_sections_unfolded = [ "Rect", "custom_colors", "custom_fonts" ]

[node name="WindowManager" parent="." index="1"]

editor/display_folded = false
SHRINK_SPEED = -40
shrink_top = false
shrink_bottom = false

[node name="Bodies" parent="WindowManager" index="3"]

_sections_unfolded = [ "Transform" ]

[node name="Player" parent="WindowManager/Bodies" index="0"]

editor/display_folded = true

[node name="CollisionShape2D" parent="WindowManager/Bodies/Player" index="1"]

visible = false

[node name="AttackArea" parent="WindowManager/Bodies/Player" index="3"]

visible = false

[node name="CollisionShape2D" parent="WindowManager/Bodies/Player/AttackArea" index="0"]

visible = false

[node name="StunArea" parent="WindowManager/Bodies/Player" index="5"]

visible = false

[node name="DeathArea" parent="WindowManager/Bodies/Player" index="8"]

visible = false

[node name="SnowMount" parent="WindowManager/Bodies" index="1" instance=ExtResource( 2 )]

position = Vector2( 204.508, 400.329 )
scale = Vector2( 0.265678, 0.237854 )
collision_layer = 0
collision_mask = 0
_sections_unfolded = [ "Collision", "Transform" ]

[node name="SnowMount2" parent="WindowManager/Bodies" index="2" instance=ExtResource( 2 )]

position = Vector2( 258.005, 274.805 )
scale = Vector2( 0.181193, 0.107776 )
collision_layer = 0
collision_mask = 0
_sections_unfolded = [ "Collision", "Transform" ]

[node name="SnowMount3" parent="WindowManager/Bodies" index="3" instance=ExtResource( 2 )]

position = Vector2( 596.525, 241.444 )
scale = Vector2( 0.298621, 0.159737 )
collision_layer = 0
collision_mask = 0
_sections_unfolded = [ "Collision", "Transform" ]

[node name="SnowMount4" parent="WindowManager/Bodies" index="4" instance=ExtResource( 2 )]

position = Vector2( 525.816, 353.079 )
scale = Vector2( 0.166548, 0.0818691 )
collision_layer = 0
collision_mask = 0
_sections_unfolded = [ "Collision", "Transform" ]

[node name="SnowMount5" parent="WindowManager/Bodies" index="5" instance=ExtResource( 2 )]

position = Vector2( 632.352, 474.001 )
scale = Vector2( 0.171691, 0.121061 )
collision_layer = 0
collision_mask = 0
_sections_unfolded = [ "Collision", "Transform" ]

[node name="SnowMount6" parent="WindowManager/Bodies" index="6" instance=ExtResource( 2 )]

position = Vector2( 519.642, 100.97 )
scale = Vector2( 0.181339, 0.132823 )
collision_layer = 0
collision_mask = 0
_sections_unfolded = [ "Collision", "Transform" ]

[node name="SnowMount7" parent="WindowManager/Bodies" index="7" instance=ExtResource( 2 )]

position = Vector2( 108.292, 188.314 )
scale = Vector2( 0.207548, 0.126847 )
collision_layer = 0
collision_mask = 0
_sections_unfolded = [ "Collision", "Transform" ]

[node name="WinTimer" parent="CanvasLayer/Control/Display" index="0"]

wait_time = 15.0


[editable path="WindowManager/Bodies/Player"]
