[gd_scene load_steps=5 format=2]

[ext_resource path="res://main.tscn" type="PackedScene" id=1]
[ext_resource path="res://background/column/Column.tscn" type="PackedScene" id=2]
[ext_resource path="res://background/snow/SnowMount.tscn" type="PackedScene" id=3]
[ext_resource path="res://enemy/Enemy.tscn" type="PackedScene" id=4]

[node name="Main" index="0" instance=ExtResource( 1 )]

next_level = "res://levels/level2.tscn"

[node name="WindowManager" parent="." index="1"]

editor/display_folded = false
SHRINK_SPEED = -45
SHRINK_TIME = 0.1
shrink_right = false
shrink_top = false
shrink_bottom = false

[node name="Walls" parent="WindowManager" index="0"]

editor/display_folded = true

[node name="Timer" parent="WindowManager/Walls/Bottom" index="1"]

wait_time = 0.1

[node name="Player" parent="WindowManager/Bodies" index="0"]

position = Vector2( 106.874, 277.703 )
attack_power = 0

[node name="Column4" parent="WindowManager/Bodies" index="1" instance=ExtResource( 2 )]

modulate = Color( 1, 0.28125, 0.28125, 1 )
position = Vector2( 64.3655, 232.022 )
_sections_unfolded = [ "Collision", "Visibility" ]

[node name="Column5" parent="WindowManager/Bodies" index="2" instance=ExtResource( 2 )]

modulate = Color( 1, 0.796051, 0.363281, 1 )
position = Vector2( 180.357, 191.75 )
_sections_unfolded = [ "Collision", "Visibility" ]

[node name="Column6" parent="WindowManager/Bodies" index="3" instance=ExtResource( 2 )]

modulate = Color( 0.468994, 1, 0.320312, 1 )
position = Vector2( 296.357, 151.75 )
_sections_unfolded = [ "Collision", "Visibility" ]

[node name="Column7" parent="WindowManager/Bodies" index="4" instance=ExtResource( 2 )]

modulate = Color( 0.296875, 0.884644, 1, 1 )
position = Vector2( 412.357, 151.75 )
_sections_unfolded = [ "Collision", "Visibility" ]

[node name="Column8" parent="WindowManager/Bodies" index="5" instance=ExtResource( 2 )]

modulate = Color( 0.300781, 0.377258, 1, 1 )
position = Vector2( 528.357, 151.75 )
_sections_unfolded = [ "Collision", "Visibility" ]

[node name="Column9" parent="WindowManager/Bodies" index="6" instance=ExtResource( 2 )]

modulate = Color( 0.958557, 0.242188, 1, 1 )
position = Vector2( 644.357, 191.75 )
_sections_unfolded = [ "Collision", "Transform", "Visibility" ]

[node name="Column10" parent="WindowManager/Bodies" index="7" instance=ExtResource( 2 )]

modulate = Color( 1, 0.3125, 0.634766, 1 )
position = Vector2( 760.357, 231.75 )
_sections_unfolded = [ "Collision", "Visibility" ]

[node name="SnowMount" parent="WindowManager/Bodies" index="8" instance=ExtResource( 3 )]

position = Vector2( 164.1, 328.6 )
scale = Vector2( 0.496875, 0.66875 )
_sections_unfolded = [ "Transform" ]

[node name="SnowMount5" parent="WindowManager/Bodies" index="9" instance=ExtResource( 3 )]

position = Vector2( 494.1, 200 )
scale = Vector2( 0.496875, 0.9375 )
_sections_unfolded = [ "Transform" ]

[node name="SnowMount3" parent="WindowManager/Bodies" index="10" instance=ExtResource( 3 )]

position = Vector2( 336.1, 256.6 )
scale = Vector2( 0.496875, 0.66875 )
_sections_unfolded = [ "Transform" ]

[node name="SnowMount2" parent="WindowManager/Bodies" index="11" instance=ExtResource( 3 )]

position = Vector2( 164.1, 354.6 )
scale = Vector2( 0.496875, 0.66875 )
_sections_unfolded = [ "Transform" ]

[node name="SnowMount6" parent="WindowManager/Bodies" index="12" instance=ExtResource( 3 )]

position = Vector2( 502.1, 241.6 )
scale = Vector2( 0.496875, 0.66875 )
_sections_unfolded = [ "Transform" ]

[node name="SnowMount4" parent="WindowManager/Bodies" index="13" instance=ExtResource( 3 )]

position = Vector2( 249.6, 316.6 )
scale = Vector2( 0.95, 0.66875 )
_sections_unfolded = [ "Transform" ]

[node name="SnowMount28" parent="WindowManager/Bodies" index="14" instance=ExtResource( 3 )]

position = Vector2( 164.417, 384.288 )
scale = Vector2( 0.6, 0.6 )
_sections_unfolded = [ "Transform" ]

[node name="SnowMount39" parent="WindowManager/Bodies" index="15" instance=ExtResource( 3 )]

position = Vector2( 513.808, 289.744 )
scale = Vector2( 0.525266, 0.835749 )
_sections_unfolded = [ "Transform" ]

[node name="SnowMount34" parent="WindowManager/Bodies" index="16" instance=ExtResource( 3 )]

position = Vector2( 317.608, 288.744 )
scale = Vector2( 0.324735, 0.835749 )
_sections_unfolded = [ "Transform" ]

[node name="SnowMount29" parent="WindowManager/Bodies" index="17" instance=ExtResource( 3 )]

position = Vector2( 167.309, 423.744 )
scale = Vector2( 0.540891, 0.804499 )
_sections_unfolded = [ "Transform" ]

[node name="SnowMount41" parent="WindowManager/Bodies" index="18" instance=ExtResource( 3 )]

position = Vector2( 516.308, 336.744 )
scale = Vector2( 0.540891, 0.617 )
_sections_unfolded = [ "Transform" ]

[node name="SnowMount36" parent="WindowManager/Bodies" index="19" instance=ExtResource( 3 )]

position = Vector2( 432, 408.744 )
scale = Vector2( 0.875, 0.804499 )
_sections_unfolded = [ "Transform" ]

[node name="SnowMount30" parent="WindowManager/Bodies" index="20" instance=ExtResource( 3 )]

position = Vector2( 163.5, 461.744 )
scale = Vector2( 0.515625, 0.617 )
_sections_unfolded = [ "Transform" ]

[node name="SnowMount40" parent="WindowManager/Bodies" index="21" instance=ExtResource( 3 )]

position = Vector2( 659.5, 470 )
scale = Vector2( 0.609375, 1.5625 )
_sections_unfolded = [ "Transform" ]

[node name="SnowMount35" parent="WindowManager/Bodies" index="22" instance=ExtResource( 3 )]

position = Vector2( 505, 375.244 )
scale = Vector2( 0.468749, 1.10137 )
_sections_unfolded = [ "Transform" ]

[node name="SnowMount31" parent="WindowManager/Bodies" index="23" instance=ExtResource( 3 )]

position = Vector2( 165.5, 508 )
scale = Vector2( 0.515625, 1.03125 )
_sections_unfolded = [ "Transform" ]

[node name="Enemy" parent="WindowManager/Bodies" index="24" instance=ExtResource( 4 )]

modulate = Color( 0.827551, 0.499725, 0.976562, 1 )
position = Vector2( 630, 280 )
scale = Vector2( 2, 2 )
_sections_unfolded = [ "Collision", "Transform", "Visibility" ]
dont_move = true

[node name="Enemy6" parent="WindowManager/Bodies" index="25" instance=ExtResource( 4 )]

position = Vector2( 407, 309 )
scale = Vector2( 2, 2 )
_sections_unfolded = [ "Collision", "Transform", "Visibility" ]
dont_move = true

[node name="Enemy3" parent="WindowManager/Bodies" index="26" instance=ExtResource( 4 )]

modulate = Color( 0.984375, 0.932945, 0.161499, 1 )
position = Vector2( 512, 484 )
scale = Vector2( 2, 2 )
_sections_unfolded = [ "Collision", "Transform", "Visibility" ]
dont_move = true

[node name="Enemy4" parent="WindowManager/Bodies" index="27" instance=ExtResource( 4 )]

modulate = Color( 0.182281, 1, 0.0898438, 1 )
position = Vector2( 572, 424 )
scale = Vector2( 2, 2 )
_sections_unfolded = [ "Collision", "Transform", "Visibility" ]
dont_move = true

[node name="Enemy5" parent="WindowManager/Bodies" index="28" instance=ExtResource( 4 )]

modulate = Color( 0.499725, 0.931859, 0.976562, 1 )
position = Vector2( 612, 354 )
scale = Vector2( 2, 2 )
_sections_unfolded = [ "Collision", "Transform", "Visibility" ]
dont_move = true

[node name="Enemy2" parent="WindowManager/Bodies" index="29" instance=ExtResource( 4 )]

modulate = Color( 0.992188, 0.275177, 0.275177, 1 )
position = Vector2( 450, 530 )
scale = Vector2( 2, 2 )
_sections_unfolded = [ "Collision", "Transform", "Visibility" ]
dont_move = true

[node name="SnowMount42" parent="WindowManager/Bodies" index="30" instance=ExtResource( 3 )]

position = Vector2( 615.5, 508 )
scale = Vector2( 0.515625, 1.03125 )
_sections_unfolded = [ "Transform" ]

[node name="SnowMount37" parent="WindowManager/Bodies" index="31" instance=ExtResource( 3 )]

position = Vector2( 339.5, 435 )
scale = Vector2( 0.515625, 1.03125 )
_sections_unfolded = [ "Transform" ]

[node name="SnowMount32" parent="WindowManager/Bodies" index="32" instance=ExtResource( 3 )]

position = Vector2( 165.5, 577 )
scale = Vector2( 0.515625, 1.34375 )
_sections_unfolded = [ "Transform" ]

[node name="SnowMount38" parent="WindowManager/Bodies" index="33" instance=ExtResource( 3 )]

position = Vector2( 615.5, 577 )
scale = Vector2( 0.515625, 1.34375 )
_sections_unfolded = [ "Transform" ]

[node name="SnowMount33" parent="WindowManager/Bodies" index="34" instance=ExtResource( 3 )]

position = Vector2( 339.5, 477 )
scale = Vector2( 0.515625, 0.9375 )
_sections_unfolded = [ "Transform" ]

[node name="SnowMount43" parent="WindowManager/Bodies" index="35" instance=ExtResource( 3 )]

position = Vector2( 670.5, 417 )
scale = Vector2( 0.515625, 1.34375 )
_sections_unfolded = [ "Transform" ]

[node name="WinTimer" parent="CanvasLayer/Control/Display" index="0"]

wait_time = 14.0


[editable path="WindowManager"]
[editable path="WindowManager/Walls/Bottom"]
